@book{tanenbaum:2008:01,
	author = {Andrew S. Tanenbaum and Maarten van Steen},
	title = {{Verteilte Systeme -- Prinzipien und Paradigmen}},
	year = {2008},
	publisher = {Pearson},
	note = {\href{https://www.distributed-systems.net/}{https://www.distributed-systems.net/}}
}